<?xml version="1.0" encoding="UTF-8" ?><marc:collection xmlns:marc="http://www.loc.gov/MARC21/slim" xmlns:xsi="http://www.w3.org/2001/XMLSchema-instance" xsi:schemaLocation="http://www.loc.gov/MARC21/slim http://www.loc.gov/standards/marcxml/schema/MARC21slim.xsd">
<marc:record><marc:leader>05192cam a2200469Mi 4500</marc:leader>
<marc:controlfield tag="001">b11739459</marc:controlfield>
<marc:controlfield tag="003">UaCaAUL</marc:controlfield><marc:controlfield tag="005">20190418101753.0</marc:controlfield><marc:controlfield tag="008">990928m19249999ua a     b    000 0 ara d</marc:controlfield><marc:datafield tag="035" ind1=" " ind2=" "><marc:subfield code="a">(OCoLC)60505857</marc:subfield></marc:datafield><marc:datafield tag="040" ind1=" " ind2=" "><marc:subfield code="a">MEAUC</marc:subfield><marc:subfield code="b">eng</marc:subfield><marc:subfield code="e">rda</marc:subfield><marc:subfield code="c">MEAUC</marc:subfield><marc:subfield code="d">OCLCG</marc:subfield><marc:subfield code="d">OCLCF</marc:subfield><marc:subfield code="d">OCLCO</marc:subfield><marc:subfield code="d">OCLCQ</marc:subfield><marc:subfield code="d">MEAUC</marc:subfield></marc:datafield><marc:datafield tag="043" ind1=" " ind2=" "><marc:subfield code="a">ma-----</marc:subfield></marc:datafield><marc:datafield tag="049" ind1=" " ind2=" "><marc:subfield code="a">MAIN</marc:subfield></marc:datafield><marc:datafield tag="050" ind1=" " ind2="4"><marc:subfield code="a">PJ7510</marc:subfield><marc:subfield code="b">.Z3 1924</marc:subfield></marc:datafield><marc:datafield tag="066" ind1=" " ind2=" "><marc:subfield code="c">(3</marc:subfield></marc:datafield><marc:datafield tag="090" ind1=" " ind2=" "><marc:subfield code="a">PJ7510</marc:subfield><marc:subfield code="b">.Z3 1924</marc:subfield></marc:datafield><marc:datafield tag="100" ind1="1" ind2=" "><marc:subfield code="6">880-01</marc:subfield><marc:subfield code="a">Zaydān, Jirjī,</marc:subfield><marc:subfield code="d">1861-1914,</marc:subfield><marc:subfield code="e">auther.</marc:subfield></marc:datafield><marc:datafield tag="240" ind1="1" ind2="0"><marc:subfield code="6">880-02</marc:subfield><marc:subfield code="a">Tārīkh ādāb al-lughah al-ʻArabīyah.</marc:subfield></marc:datafield><marc:datafield tag="245" ind1="1" ind2="0"><marc:subfield code="6">880-03</marc:subfield><marc:subfield code="a">Kitāb tārīkh ādāb al-lughah al-ʻArabīyah :</marc:subfield><marc:subfield code="b">yashtamil ʻalá tārīkh al-lughah al-ʻArabīyah wa-ʻulūmihā wa-mā ḥawathu min al-ʻulūm wa-al-ādāb ʻalá ikhtilāf mawāḍīʻihā wa-tarājim al-ʻulamāʼ wa-al-udabāʼ wa-al-shuʻarāʼ wa-sāʼir arbāb al-qarāʼiḥ, wa-waṣf muʼallafātihim wa-amākin wujūdihā aw ṭabʻihā min aqdam azminat al-tārikh ilá al-ān /</marc:subfield><marc:subfield code="c">taʼlīf Jirjī Zaydān, minshiʼ al-Hilāl.</marc:subfield></marc:datafield><marc:datafield tag="246" ind1="3" ind2=" "><marc:subfield code="6">880-04</marc:subfield><marc:subfield code="a">Tārīkh ādāb al-lughah al-ʻArabīyah.</marc:subfield></marc:datafield><marc:datafield tag="246" ind1="3" ind2="0"><marc:subfield code="6">880-05</marc:subfield><marc:subfield code="a">Ādāb al-lughah al-ʻArabīyah.</marc:subfield></marc:datafield><marc:datafield tag="250" ind1=" " ind2=" "><marc:subfield code="6">880-06</marc:subfield><marc:subfield code="a">al-Ṭabʻah al-thānīyah.</marc:subfield></marc:datafield><marc:datafield tag="264" ind1=" " ind2="1"><marc:subfield code="6">880-07</marc:subfield><marc:subfield code="a">Miṣr :</marc:subfield><marc:subfield code="b">Maṭbaʻat al-Hilāl bi-Miṣr,</marc:subfield><marc:subfield code="c">1924-</marc:subfield></marc:datafield><marc:datafield tag="300" ind1=" " ind2=" "><marc:subfield code="a">volumes :</marc:subfield><marc:subfield code="b">illustrations ;</marc:subfield><marc:subfield code="c">24 cm.</marc:subfield></marc:datafield><marc:datafield tag="336" ind1=" " ind2=" "><marc:subfield code="a">text</marc:subfield><marc:subfield code="b">txt</marc:subfield><marc:subfield code="2">rdacontent.</marc:subfield></marc:datafield><marc:datafield tag="337" ind1=" " ind2=" "><marc:subfield code="a">unmediated</marc:subfield><marc:subfield code="b">n</marc:subfield><marc:subfield code="2">rdamedia.</marc:subfield></marc:datafield><marc:datafield tag="338" ind1=" " ind2=" "><marc:subfield code="a">volume</marc:subfield><marc:subfield code="b">nc</marc:subfield><marc:subfield code="2">rdacarrier.</marc:subfield></marc:datafield><marc:datafield tag="504" ind1=" " ind2=" "><marc:subfield code="a">Includes bibliographical references.</marc:subfield></marc:datafield><marc:datafield tag="505" ind1="1" ind2=" "><marc:subfield code="6">880-08</marc:subfield><marc:subfield code="a">al-Juzʼ al-awwal. Yaḥtawī ʻalá tārīkh ādāb al-lughah al-ʻArabīyah fī ʻaṣr al-Jāhilīyah wa- ʻaṣr al-Rāshidīn wa-al-ʻaṣr al-Umawī ay min aqdam azminat al-tārīkh ilá sanat 132 H -- al-Juzʼ al-thānī. Yaḥtawī ʻalá tārīkh ādāb al-lughah al-ʻArabīyah fī al-ʻaṣr al-ʻAbbāsī min qiyām al-dawlah al-ʻAbbāsīyah sanat 132 H. ilá dukhūl al-Salājiqah Baghdād sanat 447 H wa-yadkhul fīhi takawwun al-ʻulūm al-Islāmīyah wa-naql al-ʻulūm al-dakhīlah ilá nuḍj al-ʻilm fī awāsiṭ al-qarn al-khāmis lil-Hijrah -- al-Juzʼ al-thālith. Yaḥtawī ʻalá tārīkh ādāb al-lughah al-ʻArabīyah min dukhūl al-Salājiqah Baghdād sanat 447 H ilá dukhūl al-Faransāwīyīn Miṣr sanat 1213 H, 1798 M wa-yadkhul fīhi thimār al-qarāʼiḥ wa-al-ʻuqūl fī al-ʻaṣr al-ʻAbbāsī al-rābiʻ wa-al-ʻaṣr al-Maghūlī, wa-al-ʻaṣr al-ʻUthmānī, wa-hiya akthar ʻuṣūr ādāb al-lughah nitājan wa-fīhā ẓaharat aham al-maʻājim wa-al-mawsūʻāt wa-awsaʻ kutub al-tārīkh wa-al-jughrāfiyah wa-al-lughah mimmā tudāwiluhu al-aydī --</marc:subfield></marc:datafield><marc:datafield tag="650" ind1=" " ind2="0"><marc:subfield code="a">Arabic literature</marc:subfield><marc:subfield code="x">History and criticism.</marc:subfield></marc:datafield><marc:datafield tag="880" ind1="1" ind2="0"><marc:subfield code="6">240-02/(3/r</marc:subfield><marc:subfield code="a">تاريخ آداب اللغة العربية..</marc:subfield></marc:datafield><marc:datafield tag="880" ind1="1" ind2=" "><marc:subfield code="6">100-01/(3/r</marc:subfield><marc:subfield code="a">زيدان، جرجي،‪</marc:subfield><marc:subfield code="d">1861-1914,</marc:subfield><marc:subfield code="e">author.</marc:subfield></marc:datafield><marc:datafield tag="880" ind1="1" ind2="0"><marc:subfield code="6">245-03/(3/r</marc:subfield><marc:subfield code="a">كتاب تاريخ آداب اللغة العربية :‪</marc:subfield><marc:subfield code="b">يشتمل على تاريخ اللغة العربية وعلومها وما حوته من العلوم والآداب على اختلاف مواضيعها وتراجم العلماء والادباء والشعراء وسائر ارباب القرائح، ووصف مؤلفاتهم واماكن وجودها او طبعها من اقدم ازمنة التاريخ الى الان /‪</marc:subfield><marc:subfield code="c">تأليف جرجي زيدان، منشئ الهلال..</marc:subfield></marc:datafield><marc:datafield tag="880" ind1="3" ind2=" "><marc:subfield code="6">246-04/(3/r</marc:subfield><marc:subfield code="a">تاريخ آداب اللغة العربية..</marc:subfield></marc:datafield><marc:datafield tag="880" ind1="3" ind2="0"><marc:subfield code="6">246-05/(3/r</marc:subfield><marc:subfield code="a">آداب اللغة العربية.</marc:subfield></marc:datafield><marc:datafield tag="880" ind1=" " ind2=" "><marc:subfield code="6">250-06/(3/r</marc:subfield><marc:subfield code="a">الطبعة الثانية..</marc:subfield></marc:datafield><marc:datafield tag="880" ind1=" " ind2="1"><marc:subfield code="6">264-07/(3/r</marc:subfield><marc:subfield code="a">مصر :‪</marc:subfield><marc:subfield code="b">مطبعة الهلال بمصر،‪</marc:subfield><marc:subfield code="c">1924-</marc:subfield></marc:datafield><marc:datafield tag="880" ind1="1" ind2=" "><marc:subfield code="6">505-08/(3/r</marc:subfield><marc:subfield code="a">الجزء الاول. يحتوي على تاريخ آداب اللغة العربية في عصر الجاهلية و عصر الراشدين والعصر الاموي اي من أقدم أزمنة التاريخ الى سنة 132 ه -- الجزء الثاني. يحتوي على تاريخ آداب اللغة العربية في العصر العباسي من قيام الدولة العباسية سنة 132 ه. الى دخول السلاجقة بغداد سنة 447 ه ويدخل فيه تكون العلوم الاسلامية ونقل العلوم الدخيلة الى نضج العلم في أواسط القرن الخامس للهجرة -- الجزء الثالث. يحتوي على تاريخ آداب اللغة العربية من دخول السلاجقة بغداد سنة 447 ه الى دخول الفرنساويين مصر سنة 1213 ه، 1798 م ويدخل فيه ثمار القرائح والعقول في العصر العباسي الرابع والعصر المغولي والعصر العثماني، وهي اكثر عصور آداب اللغة نتاجا، وفيها ظهرت أهم المعاجم والموسوعات وأوسع كتب التاريخ والجغرافية واللغة مما تداوله الايدي --.</marc:subfield></marc:datafield><marc:datafield tag="907" ind1=" " ind2=" "><marc:subfield code="a">.b11739459</marc:subfield><marc:subfield code="b">main </marc:subfield></marc:datafield><marc:datafield tag="902" ind1=" " ind2=" "><marc:subfield code="a">191117</marc:subfield></marc:datafield><marc:datafield tag="998" ind1=" " ind2=" "><marc:subfield code="b">4</marc:subfield><marc:subfield code="c">991003</marc:subfield><marc:subfield code="d">m</marc:subfield><marc:subfield code="e">~</marc:subfield><marc:subfield code="f">-</marc:subfield><marc:subfield code="g">0</marc:subfield><marc:subfield code="k">TA</marc:subfield></marc:datafield><marc:datafield tag="945" ind1=" " ind2=" "><marc:subfield code="l">main </marc:subfield><marc:subfield code="u">v.v.1</marc:subfield></marc:datafield></marc:record>
</marc:collection>
